% This file was created with JabRef 2.10.
% Encoding: UTF-8


@Misc{Bank2018,
  Title                    = {World Bank Open Data},

  Author                   = {The World Bank},
  HowPublished             = {Web Page},
  Year                     = {2018},

  Url                      = {https://data.worldbank.org/}
}

@Misc{CFPB2018,
  Title                    = {About The Consumer Financial Protection Bureau},

  Author                   = {CFPB},
  HowPublished             = {Web Page},
  Year                     = {2018},

  Url                      = {https://www.consumerfinance.gov}
}

@Misc{ESRI2018,
  Title                    = {ESRI Access and Data Services},

  Author                   = {ESRI},
  HowPublished             = {Web Page},
  Year                     = {2018},

  Url                      = {https://developers.arcgis.com/content-and-services/}
}

@Misc{GitHub.com2018,
  Title                    = {GitHub Developer | GitHub Developer Guide},

  Author                   = {GitHub.com},
  HowPublished             = {Web Page},
  Year                     = {2018},

  Url                      = {https://developer.github.com/}
}

@Misc{Wong2015,
  Title                    = {RAD -â€ŠOutlier Detection on Big Data},

  Author                   = {Wong, Jeffery and Colburn, Chris and Meeks, Elijah and Vedaraman, Shankar},
  HowPublished             = {Web Page},
  Month                    = feb,
  Year                     = {2015},

  Url                      = {https://medium.com/netflix-techblog/rad-outlier-detection-on-big-data-d6b0494371cc}
}

@Misc{MapBox2018,
  Title                    = {About Map Box},

  Author                   = {MapBox},
  HowPublished             = {Web Page},
  Year                     = {2018},

  Url                      = {https://www.mapbox.com/about/}
}

@Misc{Netflix2018,
  Title                    = {Netfilix Open Source Software Center},

  Author                   = {Netflix},
  HowPublished             = {Web Page},
  Year                     = {2018},

  Url                      = {https://netflix.github.io}
}

@comment{jabref-meta: databaseType:bibtex;}

