@Misc{hid505Quaine2007,
  author = {Nocholas Quaine},
  title  = {What is SOAP?},
  year   = {2007},
  url    = {http://www.soapuser.com/basics1.html},
}

@Misc{hid505Microsoft2018,
  author = {Microsoft MSDN},
  title = {Understanding SOAP},
  year = {2018},
  url = {https://msdn.microsoft.com/en-us/library/ms995800.aspx},
}

@Misc{hid505Walsh1998,
  author = {Norman Walsh},
  title = {A Technical Introduction to XML},
  year = {1998},
  month = {October},
  url = {https://www.xml.com/pub/a/98/10/guide0.html},

}

@Misc{hid505WikipidiaXML1028,
  author = {WikipediA},
  title = {XML},
  year = {2018},
  url = {https://en.wikipedia.org/wiki/XML},
}

@inproceedings{hid505Aihkisalo2012, 
  author={T. Aihkisalo and T. Paaso}, 
  booktitle={2012 IEEE Eighth World Congress on Services}, 
  title={Latencies of Service Invocation and Processing of the REST and SOAP Web Service Interfaces}, 
  year={2012}, 
  volume={}, 
  number={}, 
  pages={100-107}, 
  keywords={Web services;XML;client-server systems;electronic messaging;multimedia communication;protocols;Google Protostuff message;JSON;MTOM/XOP;REST Web service interface processing;SOAP Web service interface processing;XML;client registration;delay distribution;message content encodings;multimedia messaging service;overall round trip time;service invocation latencies;service invocation path;Delay;Encoding;Message service;Servers;Simple object access protocol;XML;HTTP;REST;SOAP;WS}, 
  doi={10.1109/SERVICES.2012.55}, 
  ISSN={2378-3818}, 
  month={June},
}

@inproceedings{hid505Pautasso2008,
  author = {Pautasso, Cesare and Zimmermann, Olaf and Leymann, Frank},
  title = {Restful Web Services vs. "Big"' Web Services: Making the Right Architectural Decision},
  booktitle = {Proceedings of the 17th International Conference on World Wide Web},
  series = {WWW '08},
  year = {2008},
  isbn = {978-1-60558-085-2},
  location = {Beijing, China},
  pages = {805--814},
  numpages = {10},
  url = {http://doi.acm.org/10.1145/1367497.1367606},
  doi = {10.1145/1367497.1367606},
  acmid = {1367606},
  publisher = {ACM},
  address = {New York, NY, USA},
  keywords = {HTTP, REST, SOAP, WS-* vs. REST, WSDL, architectural decision modeling, resource oriented architectures, service oriented architectures, technology comparison, web services},
} 

@phdthesis{hid505Fielding2000,
 author = {Fielding, Roy Thomas},
 title = {Architectural Styles and the Design of Network-based Software Architectures},
 year = {2000},
 isbn = {0-599-87118-0},
 note = {AAI9980887},
 publisher = {University of California, Irvine},
} 

@Misc{hid505mycodde2016,
  author = {mycodde.blogspot.com},
  year = {2016},
  month = {April},
  url = {http://mycodde.blogspot.com/2016/04/how-to-use-php-soapclient-tls-request.html},
}

@Misc{hid505swaggerio2018,
  author = {swagger.io},
  year = {2018},
  url = {https://swagger.io},
}

@Misc{hid505swaggerresp2018,
  author = {idratherbewriting.com},
  year = {2018},
  url = {http://idratherbewriting.com/learnapidoc/pubapis_swagger.html},
}

@Misc{hid505FacebookGraphQL2018,
  author = {Facebook, Inc},
  year = {2018},
  url = {https://graphql.org},
}

@Book{hid505Kalin2009,
  title     = {Java Web Services Up and Running},
  publisher = {O'Reilly},
  year      = {2009},
  author    = {Martin Kalin},
  editor    = {Mike Loukides and Julie Steele},
}

@Misc{hid505Byron2015,
  author = {Lee Byron},
  year = {2015},
  month = {September},
  url = {https://code.facebook.com/posts/1691455094417024},
}

@Misc{hid505GraphQLUsers2018,
  author = {Facebook, Inc},
  year = {2018},
  url = {https://graphql.org/users},
}

@inproceedings{hid505VzquezIngelmo2017ImprovingTO,
  title={Improving the OEEU's data-driven technological ecosystem's interoperability with GraphQL},
  author={Andrea V{\'a}zquez-Ingelmo and Juan Cruz-Benito and Francisco J. Garc{\'i}a-Pe{\~n}alvo},
  booktitle={TEEM},
  year={2017}
}
@Comment{jabref-meta: databaseType:bibtex;}
